
@article{
	kepstr,
	author="А.К.Алимурадов, А.Ю.Тычков, А.П.Зарецкий, А.П.Кулешов",
	title="Способ определения кепстральных маркеров речевых сигналов при психогенных расстройствах",
	journal="Труды МФТИ",
	pages="201--214",
	language="russian",
	year=2017,
	month="Том 9, №4"
}

@article{
	fur_veivlet,
	author="А.П.Зубаков",
	title="Фурье и Вейвлет-преобразования в проблемах распознавания речи",
	journal="Вестник ТГУ",
	pages="1893--1899",
	language="russian",
	year=2010,
	month="т.15, вып.6"
}

@article{
	spr,
	author="Taabish Gulzar, Anand Singh, Dinesh Kumar Rajoriya, Najma Farooq",
	title="A Systematic Analysis of Automatic Speech Recognition: An Overview",
	journal="International Journal of Current Engineering and Technology",
	pages="1664--1675",
	language="english",
	year=2014,
	month="E-ISSN 2277 – 4106, P-ISSN 2347 - 5161"
}
