
@article{
	kepstr,
	author="А.К.Алимурадов, А.Ю.Тычков, А.П.Зарецкий, А.П.Кулешов",
	title="Способ определения кепстральных маркеров речевых сигналов при психогенных расстройствах",
	journal="Труды МФТИ",
	pages="201--214",
	language="russian",
	year=2017,
	month="Том 9, №4"
}

@article{
	fur_veivlet,
	author="А.П.Зубаков",
	title="Фурье и Вейвлет-преобразования в проблемах распознавания речи",
	journal="Вестник ТГУ",
	pages="1893--1899",
	language="russian",
	year=2010,
	month="т.15, вып.6"
}

@article{
	spr,
	author="Taabish G., Anand S.",
	title="A Systematic Analysis of Automatic Speech Recognition: An Overview",
	journal="International Journal of Current Engineering and Technology",
	pages="1664--1675",
	language="english",
	year=2014,
	month="E-ISSN 2277 – 4106, P-ISSN 2347 - 5161"
}
@article{
	slitrech,
	author="Леонович А.А.",
	title="Проблемы распознавания слитной речи",
	journal="Цифровая Обработка Сигналов",
	pages="1664--1675",
	language="russian",
	year=2007,
	month="No4"
}

@article{
	isvparam1,
	author="Praphulla A. Sawakare, Ratndeep R",
	title="Speech Recognition Techniques",
	journal="International Journal of Scientific, Engineering Research",
	pages="1664--1675",
	language="english",
	year=2015,
	month="Volume 6, Issue 8, August-"
}
@article{
	isvparam2,
	author="Kishori R., R. R.",
	title="Feature Extraction Techniques for Speech	Recognition",
	journal="International Journal of Scientific, Engineering Research",
	pages="143--148",
	language="english",
	year=2015,
	month="Volume 6, Issue 5, Ma"
}

@article{
	primer,
	author="Benjamin G. Venkata S.",
	title="Feature Extraction Techniques for Speech	Recognition",
	journal="International Journal of Speech Technology",
	pages="771--780",
	language="english",
	year=2021,
	month="24:771–779"
}

@article{
	classif,
	author="Федосин С.А., Еремин А. Ю.",
	title="Классификация систем распознавания речи",
	journal="",
	pages="",
	language="russian",
	year=,
	month=""
}

@article{
	rechsb1,
	author="В.О. Верходанова, А.А. Карпов",
	title="Моделирование речевых сбоев в системах автоматического распознавания речи",
	journal="",
	pages="10--15",
	language="russian",
	year=,
	month=""
}

@article{
	babin,
	author="Д.Н. Бабин, И.Л. Мазуренко, А.Б. Холоденко",
	title="О перспективах создания системы автоматического распознавания слитной устной русской речи", 
	journal="",
	pages="10--15",
	language="russian",
	year=,
	month=""
}
@article{
	rechsb2,
	author="Pratik K. Ratnadeep R. ",
	title="Continuous Speech Recognition",
	journal="Asian Journal of Computer Science And Information Technology",
	pages="62--66",
	language="english",
	year=2014,
	month="62 - 66"
}


@article{
	methodisb,
	author="А.В.Судьенкова",
	title="Обзор методов извлечения акустических признаков речи в задаче распознавания диктора",
	journal="Сборник научных трудов НГТУ.",
	pages="139--164",
	language="russian",
	year=2019,
	month="№ 3–4 (96)"
}

@article{
	methodisb2,
	author="Е.А. Первушин",
	title="Обзор основных методов распознавания дикторов",
	journal="Математические
	структуры и моделирование",
	pages="41--54",
	language="russian",
	year=2011,
	month="вып. 24"
}

@article{
	vvegenie,
	author="Bhuvaneshwari Jolad, Dr. Rajashri Khanai",
	title="Different feature extraction techniques for automatic speech recognition",
	journal="International Journal of Engineering Sciences, Research Technology",
	pages="181-188",
	language="english",
	year=2018,
	month="February"
}

@article{
	vvegenie2,
	author="Shreya Narang, Ms. Divya Gupta",
	title="Speech Feature Extraction Techniques",
	journal="International Journal of Computer Science and Mobile Computing",
	pages="107 - 114",
	language="english",
	year=2015,
	month="March"
}

@book{
	vvegenie3,
	author="И.Б. Тампель, А.А. Карпов",
	title="Автоматическое распознование речи",
	publisher="Университет ИТМО",
	year=2010,
	pages=138
}

@misc{
	defrechi,
	title="Речевые нарушения [Электронный ресурс]",
	howpublished="Режим доступа: \url{https://lena.spb.ru/rechevye-narusheniya.html} (дата обращения: 11.12.2021)"
}

